<?xml version="1.0"?>
<collection xmlns="http://www.loc.gov/MARC21/slim">
  <record>
    <leader>01844cam a2200385 a 4500</leader>
    <controlfield tag="001">1892196900ihna_0</controlfield>
    <controlfield tag="003">CaSfIA</controlfield>
    <controlfield tag="005">20161013185234.0</controlfield>
    <controlfield tag="007">cr||||||||||||</controlfield>
    <controlfield tag="008">960615s1994    un       b    001 0bukrod</controlfield>
    <datafield tag="035" ind1=" " ind2=" ">
      <subfield code="a">ocm33141937</subfield>
    </datafield>
    <datafield tag="040" ind1=" " ind2=" ">
      <subfield code="a">NYP</subfield>
      <subfield code="b">eng</subfield>
      <subfield code="c">NYP</subfield>
      <subfield code="d">AEU</subfield>
      <subfield code="d">CaSfIA</subfield>
    </datafield>
    <datafield tag="050" ind1=" " ind2="4">
      <subfield code="a">Z1004.M4</subfield>
      <subfield code="b">I97 1994</subfield>
    </datafield>
    <datafield tag="090" ind1="0" ind2=" ">
      <subfield code="a">Z 1004 M4 I97 1994</subfield>
      <subfield code="b">AEU</subfield>
    </datafield>
    <datafield tag="245" ind1="0" ind2="0">
      <subfield code="a">I&#x361;Uri&#x12D; Oleksi&#x12D;ovych Mez&#x361;henko (1892-1969) :</subfield>
      <subfield code="h">[electronic resource] </subfield>
      <subfield code="b">Materialy do biohrafi&#xEF; /</subfield>
      <subfield code="c">[ukladachi, T.A. Ihnatova, N.V. Kazakova, N.V. Strishenet&#x361;s&#x2B9; ; vidpovidal&#x2B9;ny&#x12D; redaktor O.S. Onyschenko].</subfield>
    </datafield>
    <datafield tag="246" ind1="1" ind2="5">
      <subfield code="a">Yurii Oleksiiovych Mezhenko (1892-1969)</subfield>
    </datafield>
    <datafield tag="260" ind1=" " ind2=" ">
      <subfield code="a">Ky&#xEF;v :</subfield>
      <subfield code="b">Instytut ukra&#xEF;ns&#x2B9;ko&#xEF; arkheohrafi&#xEF; NAN Ukra&#xEF;ny,</subfield>
      <subfield code="c">1994.</subfield>
    </datafield>
    <datafield tag="300" ind1=" " ind2=" ">
      <subfield code="a">175 p. ;</subfield>
      <subfield code="c">20 cm.</subfield>
    </datafield>
    <datafield tag="336" ind1=" " ind2=" ">
      <subfield code="a">text</subfield>
      <subfield code="b">txt</subfield>
      <subfield code="2">rdacontent</subfield>
    </datafield>
    <datafield tag="337" ind1=" " ind2=" ">
      <subfield code="a">unmediated</subfield>
      <subfield code="b">n</subfield>
      <subfield code="2">rdamedia</subfield>
    </datafield>
    <datafield tag="338" ind1=" " ind2=" ">
      <subfield code="a">volume</subfield>
      <subfield code="b">nc</subfield>
      <subfield code="2">rdacarrier</subfield>
    </datafield>
    <datafield tag="490" ind1="1" ind2=" ">
      <subfield code="a">Naukovo-dovidkovi vydanni&#x361;a z istori&#xEF; Ukra&#xEF;ny.</subfield>
    </datafield>
    <datafield tag="500" ind1=" " ind2=" ">
      <subfield code="a">At head of title: Nat&#x361;sional&#x2B9;na Akademii&#x361;a nauk Ukra&#xEF;ny. T&#x361;Sentral&#x2B9;na naukova biblioteka im. V.I. Vernads&#x2B9;koho. Instytut ukra&#xEF;ns&#x2B9;ko&#xEF; arkheohrafi&#xEF;. Kanads&#x2B9;ky&#x12D; instytut ukra&#xEF;ns&#x2B9;kykh studi&#x12D;, Al&#x2B9;berts&#x2B9;ky&#x12D; universytet.</subfield>
    </datafield>
    <datafield tag="500" ind1=" " ind2=" ">
      <subfield code="a">"Naukove vydanni&#x361;a"--Colophon.</subfield>
    </datafield>
    <datafield tag="504" ind1=" " ind2=" ">
      <subfield code="a">Includes bibliographical references and index.</subfield>
    </datafield>
    <datafield tag="596" ind1=" " ind2=" ">
      <subfield code="a">38</subfield>
    </datafield>
    <datafield tag="600" ind1="1" ind2="0">
      <subfield code="a">Mez&#x361;henko, I&#x361;Uri&#x12D; Oleksi&#x12D;ovych,</subfield>
      <subfield code="d">1892-1969.</subfield>
    </datafield>
    <datafield tag="600" ind1="1" ind2="0">
      <subfield code="a">Mez&#x361;henko, I&#x361;Uri&#x12D; Oleksi&#x12D;ovych,</subfield>
      <subfield code="d">1892-1969</subfield>
      <subfield code="v">Bibliography.</subfield>
    </datafield>
    <datafield tag="650" ind1=" " ind2="0">
      <subfield code="a">Bibliographers</subfield>
      <subfield code="z">Ukraine</subfield>
      <subfield code="v">Biography.</subfield>
    </datafield>
    <datafield tag="650" ind1=" " ind2="0">
      <subfield code="a">Librarians</subfield>
      <subfield code="z">Ukraine</subfield>
      <subfield code="v">Biography.</subfield>
    </datafield>
    <datafield tag="700" ind1="1" ind2=" ">
      <subfield code="a">Ihnatova, T. A.</subfield>
    </datafield>
    <datafield tag="700" ind1="1" ind2=" ">
      <subfield code="a">Onyshchenko, O. S.</subfield>
      <subfield code="q">(Oleksi&#x12D; Semenovych)</subfield>
    </datafield>
    <datafield tag="700" ind1="1" ind2=" ">
      <subfield code="a">Kozakova, N. V.</subfield>
    </datafield>
    <datafield tag="700" ind1="1" ind2=" ">
      <subfield code="a">Strishenet&#x361;s&#x2B9;, N. V.</subfield>
    </datafield>
    <datafield tag="710" ind1="2" ind2=" ">
      <subfield code="a">T&#x361;Sentral&#x2B9;na naukova biblioteka im. V.I. Vernads&#x2B9;koho.</subfield>
    </datafield>
    <datafield tag="710" ind1="2" ind2=" ">
      <subfield code="a">Canadian Institute of Ukrainian Studies.</subfield>
    </datafield>
    <datafield tag="830" ind1=" " ind2="0">
      <subfield code="a">Naukovo-dovidkovi vydanni&#x361;a z istori&#xEF; Ukra&#xEF;ny.</subfield>
    </datafield>
    <datafield tag="856" ind1="4" ind2="1">
      <subfield code="u">http://archive.org/details/1892196900ihna_0</subfield>
      <subfield code="z">Free eBook from the Internet Archive</subfield>
    </datafield>
    <datafield tag="856" ind1="4" ind2="2">
      <subfield code="u">http://www.openlibrary.org/books/OL432106M</subfield>
      <subfield code="z">Additional information and access via Open Library</subfield>
    </datafield>
  </record>
</collection>
